%% This BibTeX bibliography file was created using BibDesk.
%% http://bibdesk.sourceforge.net/

%% Created for Michael Bostwick at 2017-04-25 15:05:53 -0400 


%% Saved with string encoding Unicode (UTF-8) 



@inproceedings{mcauliffe2008supervised,
	Author = {Mcauliffe, Jon D and Blei, David M},
	Booktitle = {Advances in neural information processing systems},
	Date-Added = {2017-04-25 19:05:01 +0000},
	Date-Modified = {2017-04-25 19:05:01 +0000},
	Pages = {121--128},
	Title = {Supervised topic models},
	Year = {2008}}
