@inproceedings{yang1997comparative,
  title={A comparative study on feature selection in text categorization},
  author={Yang, Yiming and Pedersen, Jan O},
  booktitle={Icml},
  volume={97},
  pages={412--420},
  year={1997}
}

@inproceedings{joaristi2016evaluating,
  title={Evaluating the impact of social media in detecting health-violating restaurants},
  author={Joaristi, Mikel and Serra, Edoardo and Spezzano, Francesca},
  booktitle={Advances in Social Networks Analysis and Mining (ASONAM), 2016 IEEE/ACM International Conference on},
  pages={626--633},
  year={2016},
  organization={IEEE}
}

@article{griffiths2004finding,
  title={Finding scientific topics},
  author={Griffiths, Thomas L and Steyvers, Mark},
  journal={Proceedings of the National academy of Sciences},
  volume={101},
  number={suppl 1},
  pages={5228--5235},
  year={2004},
  publisher={National Acad Sciences}
}

@inproceedings{mcauliffe2008supervised,
  title={Supervised topic models},
  author={Mcauliffe, Jon D and Blei, David M},
  booktitle={Advances in neural information processing systems},
  pages={121--128},
  year={2008}
}

@article{blei2003latent,
  title={Latent dirichlet allocation},
  author={Blei, David M and Ng, Andrew Y and Jordan, Michael I},
  journal={Journal of machine Learning research},
  volume={3},
  number={Jan},
  pages={993--1022},
  year={2003}
}